@article{yan2024df40,
    title={DF40: Toward Next-Generation Deepfake Detection},
    author={Yan, Zhiyuan and Yao, Taiping and Chen, Shen and Zhao, Yandan and Fu, Xinghe and Zhu, Junwei and Luo, Donghao and Yuan, Li and Wang, Chengjie and Ding, Shouhong and others},
    journal={arXiv preprint arXiv:2406.13495},
    year={2024}
}
@book{deeplearningbook,
    title={Deep Learning},
    author={Ian Goodfellow and Yoshua Bengio and Aaron Courville},
    publisher={MIT Press},
    note={\url{http://www.deeplearningbook.org}},
    year={2016}
}
@article{efficientnet,
    author={Mingxing Tan and Quoc V. Le},
    title={EfficientNet: Rethinking Model Scaling for Convolutional Neural Networks},
    journal={CoRR},
    volume={abs/1905.11946},
    year={2019},
    url={http://arxiv.org/abs/1905.11946},
    eprinttype={arXiv},
    eprint={1905.11946},
    timestamp={Mon, 03 Jun 2019 13:42:33 +0200},
    biburl={https://dblp.org/rec/journals/corr/abs-1905-11946.bib},
    bibsource={dblp computer science bibliography, https://dblp.org}
}
